@inproceedings{adress2020,
author = {Luz, S. and Haider, F. and de la Fuente, S. and Fromm, D. and MacWhinney, B.},
title = {Alzheimer's Dementia Recognition through Spontaneous Speech: The ADReSS Challenge},
booktitle = {Proc. Interspeech},
year = {2020},
url = {https://arxiv.org/abs/2004.06833}
}

@article{adresso2021,
author = {Luz, S. and Haider, F. and de la Fuente Garcia, S. and others},
title = {Detecting cognitive decline using speech only: The ADReSSo Challenge},
journal = {medRxiv},
year = {2021},
doi = {10.1101/2021.03.24.21254263},
url = {https://www.medrxiv.org/content/10.1101/2021.03.24.21254263v2}
}

@article{review2020,
author = {de la Fuente Garcia, S. and Ritchie, C. W. and Luz, S.},
title = {Artificial Intelligence, Speech, and Language Processing Approaches to Monitoring Alzheimer’s Disease: A Systematic Review},
journal = {Journal of Alzheimer’s Disease},
year = {2020},
doi = {10.3233/JAD-200888},
url = {https://doi.org/10.3233/JAD-200888}
}

@article{fraser2016,
author = {Fraser, K. C. and Meltzer, J. A. and Rudzicz, F.},
title = {Linguistic features identify Alzheimer’s disease in narrative speech},
journal = {Journal of Alzheimer’s Disease},
year = {2016},
volume = {49},
number = {2},
pages = {407--422},
doi = {10.3233/JAD-160532},
url = {https://content.iospress.com/articles/journal-of-alzheimers-disease/jad160532}
}

@misc{karlekar2018,
author = {Karlekar, J. and Niu, T. and Bansal, M.},
title = {Detecting Linguistic Characteristics of Alzheimer’s Dementia by Interpreting Neural Models},
year = {2018},
eprint = {1804.06440},
archivePrefix= {arXiv},
primaryClass = {cs.CL},
url = {https://arxiv.org/abs/1804.06440}
}

@misc{warnita2018,
author = {Warnita, T. A. and Inoue, Y. and Shinoda, K.},
title = {Detecting Alzheimer’s Disease using Gated Convolutional Neural Network and LSTM},
year = {2018},
eprint = {1803.11344},
archivePrefix= {arXiv},
primaryClass = {eess.AS},
url = {https://arxiv.org/abs/1803.11344}
}

@article{gemaps2015,
author = {Eyben, F. and Scherer, K. R. and Schuller, B. W. and others},
title = {The Geneva Minimalistic Acoustic Parameter Set (GeMAPS) for voice research and affective computing},
journal = {IEEE Transactions on Affective Computing},
year = {2016},
volume = {7},
number = {2},
pages = {190--202},
doi = {10.1109/TAFFC.2015.7160715},
url = {https://ieeexplore.ieee.org/document/7160715}
}

@misc{longitudinal2017,
author = {Luz, S. and others},
title = {Longitudinal Monitoring and Detection of Alzheimer’s Type Dementia from Spontaneous Speech Data},
year = {2017},
note = {IEEE Xplore},
url = {https://ieeexplore.ieee.org/document/8104154}
}

@article{fluency2016,
author = {Pakhomov, S. V. and Marino, S. E. and others},
title = {Novel verbal fluency scores and structural brain imaging for prediction of cognitive outcome in mild cognitive impairment},
journal = {Alzheimer’s & Dementia: Diagnosis, Assessment & Disease Monitoring},
year = {2016},
url = {https://www.sciencedirect.com/science/article/pii/S2352872916000051}
}

@inproceedings{gosztolya2019,
author = {Gosztolya, G. and Tóth, L. and Pákáski, M. and Hoffmann, I. and Kálmán, J. and others},
title = {Identifying mild cognitive impairment and dementia by acoustic and lexical features of spontaneous speech},
booktitle = {Proc. Interspeech},
year = {2019},
url = {https://www.isca-speech.org/archive/interspeech_2019/}
}

@article{mirheidari2019,
author = {Mirheidari, B. and Blackburn, D. and Reuber, M. and others},
title = {Detecting cognitive impairment by machine learning analysis of conversations in memory clinics},
journal = {PLOS ONE},
year = {2019},
url = {https://journals.plos.org/plosone/}
}

@inproceedings{mfa,
author = {McAuliffe, M. and Socolof, M. and Mihuc, S. and Wagner, M. and Sonderegger, M.},
title = {Montreal Forced Aligner: Trainable Text-Speech Alignment Using Kaldi},
booktitle = {Proc. Interspeech},
year = {2017},
doi = {10.21437/Interspeech.2017-1386},
url = {https://montreal-forced-aligner.readthedocs.io/}
}

@inproceedings{ssl_alzheimers,
author = {Baevski, A. and Zhou, H. and Mohamed, A. and Auli, M.},
title = {wav2vec 2.0: A Framework for Self-Supervised Learning of Speech Representations},
booktitle = {Advances in Neural Information Processing Systems (NeurIPS)},
year = {2020},
eprint = {2006.11477},
url = {https://arxiv.org/abs/2006.11477}
}

@inproceedings{hubert2021,
author = {Hsu, W.-N. and Bolte, B. and Tsai, Y.-H. H. and others},
title = {HuBERT: Self-Supervised Speech Representation Learning by Masked Prediction of Hidden Units},
booktitle = {Proc. ICASSP},
year = {2021},
eprint = {2106.07447},
url = {https://arxiv.org/abs/2106.07447}
}
